<?xml version="1.0" encoding="UTF-8"?><collection xmlns="http://www.loc.gov/MARC21/slim"><record><leader>00317nam--2200133-i-4500</leader><controlfield tag="001">000005004</controlfield><controlfield tag="002">20161230</controlfield><controlfield tag="005">20161230201026</controlfield><controlfield tag="008">060222s1000------------r-----000-0-eng-d</controlfield><datafield ind1=" " ind2=" " tag="080"><subfield code="a">..</subfield></datafield><datafield ind1=" " ind2=" " tag="100"><subfield code="a">Caemmerer,Winfrid</subfield></datafield><datafield ind1=" " ind2=" " tag="245"><subfield code="a">Warmeschutz aber richtig</subfield></datafield><datafield ind1=" " ind2=" " tag="260"><subfield code="a">Koln,Deutschen Bauzentrum,1958. 4op</subfield></datafield><datafield ind1=" " ind2=" " tag="852"><subfield code="a">15432</subfield></datafield></record></collection>